<collection xmlns="http://www.loc.gov/MARC21/slim">
   <record>
      <leader>04175cam a2200445 i 4500</leader>
      <controlfield tag="001">6677757</controlfield>
      <controlfield tag="003">FlBoTFG</controlfield>
      <controlfield tag="005">20140910124938.0</controlfield>
      <controlfield tag="006">m    ||  d |      </controlfield>
      <controlfield tag="007">cr |||</controlfield>
      <controlfield tag="008">140910t20152015fluad   ob    001 0 eng d</controlfield>
      <datafield ind1=" " ind2=" " tag="020">
         <subfield code="a">9781482233162 (e-book : PDF)</subfield>
      </datafield>
      <datafield ind1=" " ind2=" " tag="035">
         <subfield code="a">ocn889264432</subfield>
      </datafield>
      <datafield ind1=" " ind2=" " tag="039">
         <subfield code="a">exclude</subfield>
      </datafield>
      <datafield ind1=" " ind2=" " tag="040">
         <subfield code="a">FlBoTFG</subfield>
         <subfield code="b">eng</subfield>
         <subfield code="c">FlBoTFG</subfield>
         <subfield code="e">rda</subfield>
         <subfield code="d">AEU</subfield>
      </datafield>
      <datafield ind1=" " ind2="4" tag="050">
         <subfield code="a">TP248.65.F66</subfield>
         <subfield code="b">M365 2015</subfield>
      </datafield>
      <datafield ind1="0" ind2=" " tag="082">
         <subfield code="a">664</subfield>
         <subfield code="b">M126</subfield>
      </datafield>
      <datafield ind1=" " ind2=" " tag="090">
         <subfield code="a">Internet Access</subfield>
         <subfield code="b">AEU</subfield>
      </datafield>
      <datafield ind1="1" ind2=" " tag="100">
         <subfield code="a">McClements, David Julian,</subfield>
         <subfield code="e">author.</subfield>
         <subfield code="0">http://id.loc.gov/authorities/names/n92076009</subfield>
         <subfield code="0">http://viaf.org/viaf/94233859</subfield>
      </datafield>
      <datafield ind1="1" ind2="0" tag="245">
         <subfield code="a">Nanoparticle- and microparticle-based delivery systems :</subfield>
         <subfield code="b">encapsulation, protection and release of active compounds /</subfield>
         <subfield code="c">David Julian McClements.</subfield>
      </datafield>
      <datafield ind1=" " ind2="1" tag="264">
         <subfield code="a">Boca Raton :</subfield>
         <subfield code="b">CRC Press,</subfield>
         <subfield code="c">[2015]</subfield>
      </datafield>
      <datafield ind1=" " ind2="4" tag="264">
         <subfield code="c">©2015</subfield>
      </datafield>
      <datafield ind1=" " ind2=" " tag="300">
         <subfield code="a">1 online resource :</subfield>
         <subfield code="b">text file, PDF</subfield>
      </datafield>
      <datafield ind1=" " ind2=" " tag="336">
         <subfield code="a">text</subfield>
         <subfield code="2">rdacontent</subfield>
         <subfield code="0">http://id.loc.gov/vocabulary/contentTypes/txt</subfield>
      </datafield>
      <datafield ind1=" " ind2=" " tag="337">
         <subfield code="a">computer</subfield>
         <subfield code="2">rdamedia</subfield>
         <subfield code="0">http://id.loc.gov/vocabulary/mediaTypes/c</subfield>
      </datafield>
      <datafield ind1=" " ind2=" " tag="338">
         <subfield code="a">online resource</subfield>
         <subfield code="2">rdacarrier</subfield>
         <subfield code="0">http://id.loc.gov/vocabulary/carriers/cr</subfield>
      </datafield>
      <datafield ind1=" " ind2=" " tag="504">
         <subfield code="a">Includes bibliographical references and index.</subfield>
      </datafield>
      <datafield ind1="0" ind2=" " tag="505">
         <subfield code="a">1. Background and context -- 2. Active ingredients -- 3. Particle characteristics and their impact on physicochemical properties of delivery systems -- 4. Mechanical particle fabrication methods -- 5. Surfactant-based delivery systems -- 6. Emulsion-based delivery systems -- 7. Biopolymer-based delivery systems -- 8. Delivery system characterization methods -- 9. Selection of delivery systems : case studies -- 10. Key physicochemical concepts.</subfield>
      </datafield>
      <datafield ind1=" " ind2=" " tag="506">
         <subfield code="a">Access restricted to authorized users and institutions.</subfield>
      </datafield>
      <datafield ind1=" " ind2=" " tag="520">
         <subfield code="a">"Nanoparticle and microparticle delivery systems are finding increasing application in the food, pharmaceutical, personal care, and other industries. These types of colloidal delivery systems were traditionally used in the food industry to encapsulate active ingredients designed to improve food quality and safety, such as flavors, colors, antioxidants, enzymes, and antimicrobials. More recently, they are finding increasing use to encapsulate bioactive components that may improve human health and well-being, such as vitamins, minerals, and nutraceuticals. A well-designed colloidal delivery system can be used to overcome many of the technical challenges normally associated with incorporation of these active ingredients into commercial food and beverage products. The purposes of this book are to provide a comprehensive review of the various types of colloidal delivery systems available for encapsulating active ingredients in the food and other industries and to highlight their relative advantages and limitations. Initially, a discussion of the numerous kinds of active ingredients that the food industry is interested in incorporating into their products is given, and challenges associated with their encapsulation, protection, and delivery are discussed. The physicochemical and mechanical methods available for manufacturing colloidal particles are then discussed, and the importance of designing particles for specific applications is highlighted. Separate chapters are devoted to the three major types of colloidal delivery systems available for encapsulating active ingredients in the food industry: surfactant-based, emulsion-based, and biopolymer-based"--</subfield>
         <subfield code="c">Provided by publisher.</subfield>
      </datafield>
      <datafield ind1=" " ind2=" " tag="596">
         <subfield code="a">44</subfield>
      </datafield>
      <datafield ind1=" " ind2="0" tag="650">
         <subfield code="a">Food</subfield>
         <subfield code="x">Biotechnology.</subfield>
         <subfield code="0">http://id.loc.gov/authorities/subjects/sh88006279</subfield>
      </datafield>
      <datafield ind1=" " ind2="0" tag="650">
         <subfield code="a">Transport theory.</subfield>
         <subfield code="0">http://id.loc.gov/authorities/subjects/sh85137024</subfield>
      </datafield>
      <datafield ind1=" " ind2="0" tag="650">
         <subfield code="a">Colloids.</subfield>
         <subfield code="0">http://id.loc.gov/authorities/subjects/sh85028453</subfield>
      </datafield>
      <datafield ind1=" " ind2="0" tag="650">
         <subfield code="a">Microencapsulation.</subfield>
         <subfield code="0">http://id.loc.gov/authorities/subjects/sh85084826</subfield>
      </datafield>
      <datafield ind1=" " ind2=" " tag="758">
         <subfield code="0">http://worldcat.org/entity/work/id/53781391</subfield>
      </datafield>
      <datafield ind1="0" ind2=" " tag="787">
         <subfield code="n">OCLC Work Id</subfield>
         <subfield code="o">http://worldcat.org/entity/work/id/53781391</subfield>
      </datafield>
      <datafield ind1="4" ind2="0" tag="856">
         <subfield code="3">University of Alberta Access</subfield>
         <subfield code="u">http://marc.crcnetbase.com/isbn/9781482233162</subfield>
         <subfield code="z">(Unlimited Concurrent Users)</subfield>
      </datafield>
      <datafield ind1=" " ind2=" " tag="949">
         <subfield code="h">UAIN</subfield>
         <subfield code="z">CRC</subfield>
      </datafield>
      <datafield ind1=" " ind2=" " tag="926">
         <subfield code="a">Internet Access</subfield>
         <subfield code="w">LC</subfield>
         <subfield code="c">1</subfield>
         <subfield code="i">6677757-1001</subfield>
         <subfield code="l">INTERNET</subfield>
         <subfield code="m">UAINTERNET</subfield>
         <subfield code="r">Y</subfield>
         <subfield code="s">Y</subfield>
         <subfield code="t">E-RESOURCE</subfield>
         <subfield code="u">9/15/2014</subfield>
         <subfield code="x">E-BOOK</subfield>
         <subfield code="z">CRC</subfield>
      </datafield>
   </record>
</collection>
